@book{deng:01,
  author =       {邓建松,彭冉冉,陈长松},
  title =        {\LaTeXe{}~科技排版指南},
  publisher =    {科学出版社,~书号:~7-03-009239-2/TP.1516},
  year =         {2001},
  address =      {北京},
}

@article{2,
    author={Hideo Umeki},
    title={The geometry package}
}

@article{3,
    author={吴凌云},
    title={CTeX-faq.tex,CTeX-faq.sty}
}

@article{4,
    author={kmc.best\@gmail.com},
    title={XeTeX: about:fonts}
}

@article{5,
    author={Keith Reckdahl},
    title={Using Import graphics in LaTeX2e}
}
